@article{Lions2001,
   author = {Lions, J.-C. and Maday, Y. and Turinici, G.},
   title = {R\'esolution d'{E}{P}{D} par un sch\'ema en temps `parar\'eel'},
   journal = {Numerical Analysis},
   volume = {332},
   pages = {661--668},
   year = {2001}
}
